<record xmlns="http://www.loc.gov/MARC21/slim" xmlns:xsi="http://www.w3.org/2001/XMLSchema-instance" xsi:schemaLocation="http://www.loc.gov/MARC21/slim http://www.loc.gov/standards/marcxml/schema/MARC21slim.xsd"><leader>00037nz   2200037n  4500</leader><controlfield tag="001">DNB|102406731</controlfield><controlfield tag="003">DNB</controlfield><controlfield tag="005">20080405190946.0</controlfield><controlfield tag="008">930416n||aznnnabbn           | aaa    |c</controlfield><datafield ind1=" " ind2=" " tag="035"><subfield code="a">(DE-101)102406731</subfield></datafield><datafield ind1=" " ind2=" " tag="035"><subfield code="a">(DE-588a)102406731</subfield></datafield><datafield ind1=" " ind2=" " tag="040"><subfield code="a">DE-12</subfield><subfield code="b">ger</subfield><subfield code="c">DE-101</subfield><subfield code="e">rakwb</subfield><subfield code="d">9999</subfield></datafield><datafield ind1=" " ind2=" " tag="079"><subfield code="a">p</subfield><subfield code="q">f</subfield><subfield code="q">p</subfield><subfield code="t">12-PAN</subfield></datafield><datafield ind1="0" ind2=" " tag="100"><subfield code="a">Straton</subfield><subfield code="c">Comicus</subfield><subfield code="d">4./3. Jh. v. Chr.</subfield></datafield><datafield ind1="0" ind2=" " tag="400"><subfield code="a">Strato</subfield><subfield code="c">Comicus</subfield><subfield code="d">4./3. Jh. v. Chr.</subfield></datafield><datafield ind1="0" ind2=" " tag="400"><subfield code="a">Straton</subfield><subfield code="c">Komödiendichter</subfield><subfield code="d">4./3. Jh. v. Chr.</subfield></datafield><datafield ind1="0" ind2=" " tag="400"><subfield code="a">Straton</subfield><subfield code="c">Dichter der Neuen Komödie</subfield><subfield code="d">4./3. Jh. v. Chr.</subfield></datafield><datafield ind1=" " ind2=" " tag="549"><subfield code="w">i</subfield><subfield code="i">Lebensdaten</subfield><subfield code="a">4./3. Jh. v. Chr.</subfield></datafield><datafield ind1=" " ind2=" " tag="996"><subfield code="2">BNF|12863380</subfield></datafield><datafield ind1=" " ind2=" " tag="996"><subfield code="2">PICA|069958440</subfield></datafield><datafield ind1=" " ind2=" " tag="996"><subfield code="2">PICA|069958467</subfield></datafield><datafield ind1=" " ind2=" " tag="996"><subfield code="2">LC|n  97001996</subfield></datafield><datafield ind1=" " ind2=" " tag="996"><subfield code="2">LC|no 99034552</subfield></datafield><datafield ind1=" " ind2=" " tag="996"><subfield code="2">PICA|100870929</subfield></datafield><datafield ind1=" " ind2=" " tag="996"><subfield code="2">LC|no2005083227</subfield></datafield><datafield ind1=" " ind2=" " tag="997"><subfield code="a">0 0 lived</subfield><subfield code="9">1</subfield></datafield></record>